%YAML 1.1
%TAG !u! tag:unity3d.com,2011:
--- !u!29 &1
OcclusionCullingSettings:
  m_ObjectHideFlags: 0
  serializedVersion: 2
  m_OcclusionBakeSettings:
    smallestOccluder: 5
    smallestHole: 0.25
    backfaceThreshold: 100
  m_SceneGUID: 00000000000000000000000000000000
  m_OcclusionCullingData: {fileID: 0}
--- !u!104 &2
RenderSettings:
  m_ObjectHideFlags: 0
  serializedVersion: 9
  m_Fog: 0
  m_FogColor: {r: 0.5, g: 0.5, b: 0.5, a: 1}
  m_FogMode: 3
  m_FogDensity: 0.01
  m_LinearFogStart: 0
  m_LinearFogEnd: 300
  m_AmbientSkyColor: {r: 0.212, g: 0.227, b: 0.259, a: 1}
  m_AmbientEquatorColor: {r: 0.114, g: 0.125, b: 0.133, a: 1}
  m_AmbientGroundColor: {r: 0.047, g: 0.043, b: 0.035, a: 1}
  m_AmbientIntensity: 1
  m_AmbientMode: 0
  m_SubtractiveShadowColor: {r: 0.42, g: 0.478, b: 0.627, a: 1}
  m_SkyboxMaterial: {fileID: 10304, guid: 0000000000000000f000000000000000, type: 0}
  m_HaloStrength: 0.5
  m_FlareStrength: 1
  m_FlareFadeSpeed: 3
  m_HaloTexture: {fileID: 0}
  m_SpotCookie: {fileID: 10001, guid: 0000000000000000e000000000000000, type: 0}
  m_DefaultReflectionMode: 0
  m_DefaultReflectionResolution: 128
  m_ReflectionBounces: 1
  m_ReflectionIntensity: 1
  m_CustomReflection: {fileID: 0}
  m_Sun: {fileID: 0}
  m_IndirectSpecularColor: {r: 0.44657898, g: 0.4964133, b: 0.5748178, a: 1}
  m_UseRadianceAmbientProbe: 0
--- !u!157 &3
LightmapSettings:
  m_ObjectHideFlags: 0
  serializedVersion: 11
  m_GIWorkflowMode: 1
  m_GISettings:
    serializedVersion: 2
    m_BounceScale: 1
    m_IndirectOutputScale: 1
    m_AlbedoBoost: 1
    m_EnvironmentLightingMode: 0
    m_EnableBakedLightmaps: 1
    m_EnableRealtimeLightmaps: 0
  m_LightmapEditorSettings:
    serializedVersion: 12
    m_Resolution: 2
    m_BakeResolution: 40
    m_AtlasSize: 1024
    m_AO: 0
    m_AOMaxDistance: 1
    m_CompAOExponent: 1
    m_CompAOExponentDirect: 0
    m_ExtractAmbientOcclusion: 0
    m_Padding: 2
    m_LightmapParameters: {fileID: 0}
    m_LightmapsBakeMode: 1
    m_TextureCompression: 1
    m_FinalGather: 0
    m_FinalGatherFiltering: 1
    m_FinalGatherRayCount: 256
    m_ReflectionCompression: 2
    m_MixedBakeMode: 2
    m_BakeBackend: 2
    m_PVRSampling: 1
    m_PVRDirectSampleCount: 32
    m_PVRSampleCount: 512
    m_PVRBounces: 2
    m_PVREnvironmentSampleCount: 256
    m_PVREnvironmentReferencePointCount: 2048
    m_PVRFilteringMode: 1
    m_PVRDenoiserTypeDirect: 1
    m_PVRDenoiserTypeIndirect: 1
    m_PVRDenoiserTypeAO: 1
    m_PVRFilterTypeDirect: 0
    m_PVRFilterTypeIndirect: 0
    m_PVRFilterTypeAO: 0
    m_PVREnvironmentMIS: 1
    m_PVRCulling: 1
    m_PVRFilteringGaussRadiusDirect: 1
    m_PVRFilteringGaussRadiusIndirect: 5
    m_PVRFilteringGaussRadiusAO: 2
    m_PVRFilteringAtrousPositionSigmaDirect: 0.5
    m_PVRFilteringAtrousPositionSigmaIndirect: 2
    m_PVRFilteringAtrousPositionSigmaAO: 1
    m_ExportTrainingData: 0
    m_TrainingDataDestination: TrainingData
    m_LightProbeSampleCountMultiplier: 4
  m_LightingDataAsset: {fileID: 112000000, guid: 6c7a45d6a4300dc4bb8354053e395b94,
    type: 2}
  m_UseShadowmask: 1
--- !u!196 &4
NavMeshSettings:
  serializedVersion: 2
  m_ObjectHideFlags: 0
  m_BuildSettings:
    serializedVersion: 2
    agentTypeID: 0
    agentRadius: 0.5
    agentHeight: 2
    agentSlope: 45
    agentClimb: 0.4
    ledgeDropHeight: 0
    maxJumpAcrossDistance: 0
    minRegionArea: 2
    manualCellSize: 0
    cellSize: 0.16666667
    manualTileSize: 0
    tileSize: 256
    accuratePlacement: 0
    debug:
      m_Flags: 0
  m_NavMeshData: {fileID: 23800000, guid: 86aa7135d13a9364784d74c503095ca0, type: 2}
--- !u!1001 &115957177
PrefabInstance:
  m_ObjectHideFlags: 0
  serializedVersion: 2
  m_Modification:
    m_TransformParent: {fileID: 0}
    m_Modifications:
    - target: {fileID: -8679921383154817045, guid: 849e0d27cec5c634f9bd6aa722974751,
        type: 3}
      propertyPath: m_LocalPosition.x
      value: 7.93
      objectReference: {fileID: 0}
    - target: {fileID: -8679921383154817045, guid: 849e0d27cec5c634f9bd6aa722974751,
        type: 3}
      propertyPath: m_LocalPosition.y
      value: 1.04
      objectReference: {fileID: 0}
    - target: {fileID: -8679921383154817045, guid: 849e0d27cec5c634f9bd6aa722974751,
        type: 3}
      propertyPath: m_LocalPosition.z
      value: 1.92
      objectReference: {fileID: 0}
    - target: {fileID: -8679921383154817045, guid: 849e0d27cec5c634f9bd6aa722974751,
        type: 3}
      propertyPath: m_LocalRotation.x
      value: 0
      objectReference: {fileID: 0}
    - target: {fileID: -8679921383154817045, guid: 849e0d27cec5c634f9bd6aa722974751,
        type: 3}
      propertyPath: m_LocalRotation.y
      value: 0
      objectReference: {fileID: 0}
    - target: {fileID: -8679921383154817045, guid: 849e0d27cec5c634f9bd6aa722974751,
        type: 3}
      propertyPath: m_LocalRotation.z
      value: 0
      objectReference: {fileID: 0}
    - target: {fileID: -8679921383154817045, guid: 849e0d27cec5c634f9bd6aa722974751,
        type: 3}
      propertyPath: m_LocalRotation.w
      value: 1
      objectReference: {fileID: 0}
    - target: {fileID: -8679921383154817045, guid: 849e0d27cec5c634f9bd6aa722974751,
        type: 3}
      propertyPath: m_RootOrder
      value: 5
      objectReference: {fileID: 0}
    - target: {fileID: -8679921383154817045, guid: 849e0d27cec5c634f9bd6aa722974751,
        type: 3}
      propertyPath: m_LocalEulerAnglesHint.x
      value: 0
      objectReference: {fileID: 0}
    - target: {fileID: -8679921383154817045, guid: 849e0d27cec5c634f9bd6aa722974751,
        type: 3}
      propertyPath: m_LocalEulerAnglesHint.y
      value: 0
      objectReference: {fileID: 0}
    - target: {fileID: -8679921383154817045, guid: 849e0d27cec5c634f9bd6aa722974751,
        type: 3}
      propertyPath: m_LocalEulerAnglesHint.z
      value: 0
      objectReference: {fileID: 0}
    - target: {fileID: 919132149155446097, guid: 849e0d27cec5c634f9bd6aa722974751,
        type: 3}
      propertyPath: m_Name
      value: zombie
      objectReference: {fileID: 0}
    - target: {fileID: 5866666021909216657, guid: 849e0d27cec5c634f9bd6aa722974751,
        type: 3}
      propertyPath: m_Controller
      value: 
      objectReference: {fileID: 9100000, guid: 96fce1e5acb412a429566651947b2f34, type: 2}
    m_RemovedComponents: []
  m_SourcePrefab: {fileID: 100100000, guid: 849e0d27cec5c634f9bd6aa722974751, type: 3}
--- !u!1 &115957178 stripped
GameObject:
  m_CorrespondingSourceObject: {fileID: 919132149155446097, guid: 849e0d27cec5c634f9bd6aa722974751,
    type: 3}
  m_PrefabInstance: {fileID: 115957177}
  m_PrefabAsset: {fileID: 0}
--- !u!54 &115957179
Rigidbody:
  m_ObjectHideFlags: 0
  m_CorrespondingSourceObject: {fileID: 0}
  m_PrefabInstance: {fileID: 0}
  m_PrefabAsset: {fileID: 0}
  m_GameObject: {fileID: 115957178}
  serializedVersion: 2
  m_Mass: 1
  m_Drag: 0
  m_AngularDrag: 0.05
  m_UseGravity: 0
  m_IsKinematic: 1
  m_Interpolate: 0
  m_Constraints: 80
  m_CollisionDetection: 0
--- !u!136 &115957180
CapsuleCollider:
  m_ObjectHideFlags: 0
  m_CorrespondingSourceObject: {fileID: 0}
  m_PrefabInstance: {fileID: 0}
  m_PrefabAsset: {fileID: 0}
  m_GameObject: {fileID: 115957178}
  m_Material: {fileID: 0}
  m_IsTrigger: 0
  m_Enabled: 1
  m_Radius: 0.18477464
  m_Height: 1.783777
  m_Direction: 1
  m_Center: {x: -0.012123823, y: 0.91144836, z: 0}
--- !u!114 &115957181
MonoBehaviour:
  m_ObjectHideFlags: 0
  m_CorrespondingSourceObject: {fileID: 0}
  m_PrefabInstance: {fileID: 0}
  m_PrefabAsset: {fileID: 0}
  m_GameObject: {fileID: 115957178}
  m_Enabled: 1
  m_EditorHideFlags: 0
  m_Script: {fileID: 11500000, guid: 744ec6982adeb414f8e2974ddbe29da3, type: 3}
  m_Name: 
  m_EditorClassIdentifier: 
  NpcGameObject: {fileID: 0}
  textMesh: {fileID: 1577529416}
  currentStateName: 
  player: {fileID: 0}
  wayPoints:
  - {fileID: 1694395970}
  - {fileID: 1783615039}
  - {fileID: 1152866859}
  - {fileID: 135385560}
  - {fileID: 1580308455}
  detectDist: 8
  visAngle: 30
--- !u!195 &115957182
NavMeshAgent:
  m_ObjectHideFlags: 0
  m_CorrespondingSourceObject: {fileID: 0}
  m_PrefabInstance: {fileID: 0}
  m_PrefabAsset: {fileID: 0}
  m_GameObject: {fileID: 115957178}
  m_Enabled: 1
  m_AgentTypeID: 0
  m_Radius: 0.2
  m_Speed: 1
  m_Acceleration: 8
  avoidancePriority: 50
  m_AngularSpeed: 120
  m_StoppingDistance: 0.8
  m_AutoTraverseOffMeshLink: 1
  m_AutoBraking: 1
  m_AutoRepath: 1
  m_Height: 1.7
  m_BaseOffset: -0.09
  m_WalkableMask: 4294967295
  m_ObstacleAvoidanceType: 4
--- !u!114 &115957183
MonoBehaviour:
  m_ObjectHideFlags: 0
  m_CorrespondingSourceObject: {fileID: 0}
  m_PrefabInstance: {fileID: 0}
  m_PrefabAsset: {fileID: 0}
  m_GameObject: {fileID: 115957178}
  m_Enabled: 1
  m_EditorHideFlags: 0
  m_Script: {fileID: 11500000, guid: 30fc91812ed81f24ca2a39743ceef4b9, type: 3}
  m_Name: 
  m_EditorClassIdentifier: 
  target: {fileID: 0}
--- !u!114 &115957184
MonoBehaviour:
  m_ObjectHideFlags: 0
  m_CorrespondingSourceObject: {fileID: 0}
  m_PrefabInstance: {fileID: 0}
  m_PrefabAsset: {fileID: 0}
  m_GameObject: {fileID: 115957178}
  m_Enabled: 1
  m_EditorHideFlags: 0
  m_Script: {fileID: 11500000, guid: 1256efe11f3d1594eafb8ae1f03d58c1, type: 3}
  m_Name: 
  m_EditorClassIdentifier: 
  m_MovingTurnSpeed: 360
  m_StationaryTurnSpeed: 180
  m_JumpPower: 12
  m_GravityMultiplier: 2
  m_RunCycleLegOffset: 0.2
  m_MoveSpeedMultiplier: 1
  m_AnimSpeedMultiplier: 1
  m_GroundCheckDistance: 0.2
  isEnabledCrouching: 0
--- !u!4 &115957186 stripped
Transform:
  m_CorrespondingSourceObject: {fileID: -8679921383154817045, guid: 849e0d27cec5c634f9bd6aa722974751,
    type: 3}
  m_PrefabInstance: {fileID: 115957177}
  m_PrefabAsset: {fileID: 0}
--- !u!1 &135385559
GameObject:
  m_ObjectHideFlags: 0
  m_CorrespondingSourceObject: {fileID: 0}
  m_PrefabInstance: {fileID: 0}
  m_PrefabAsset: {fileID: 0}
  serializedVersion: 6
  m_Component:
  - component: {fileID: 135385560}
  m_Layer: 0
  m_Name: wp (3)
  m_TagString: Untagged
  m_Icon: {fileID: 0}
  m_NavMeshLayer: 0
  m_StaticEditorFlags: 0
  m_IsActive: 1
--- !u!4 &135385560
Transform:
  m_ObjectHideFlags: 0
  m_CorrespondingSourceObject: {fileID: 0}
  m_PrefabInstance: {fileID: 0}
  m_PrefabAsset: {fileID: 0}
  m_GameObject: {fileID: 135385559}
  m_LocalRotation: {x: 0, y: 0, z: 0, w: 1}
  m_LocalPosition: {x: 12.09, y: 0, z: 3.74}
  m_LocalScale: {x: 1, y: 1, z: 1}
  m_Children: []
  m_Father: {fileID: 1965815771}
  m_RootOrder: 3
  m_LocalEulerAnglesHint: {x: 0, y: 0, z: 0}
--- !u!43 &412935260
Mesh:
  m_ObjectHideFlags: 0
  m_CorrespondingSourceObject: {fileID: 0}
  m_PrefabInstance: {fileID: 0}
  m_PrefabAsset: {fileID: 0}
  m_Name: pb_Mesh15454
  serializedVersion: 10
  m_SubMeshes:
  - serializedVersion: 2
    firstByte: 0
    indexCount: 132
    topology: 0
    baseVertex: 0
    firstVertex: 0
    vertexCount: 80
    localAABB:
      m_Center: {x: 8.353149, y: 1.4744878, z: 4.8735323}
      m_Extent: {x: 14.782877, y: 1.4744878, z: 12.927051}
  m_Shapes:
    vertices: []
    shapes: []
    channels: []
    fullWeights: []
  m_BindPose: []
  m_BoneNameHashes: 
  m_RootBoneNameHash: 0
  m_BonesAABB: []
  m_VariableBoneCountWeights:
    m_Data: 
  m_MeshCompression: 0
  m_IsReadable: 1
  m_KeepVertices: 1
  m_KeepIndices: 1
  m_IndexFormat: 0
  m_IndexBuffer: 000001000200010003000200040005000600050007000600080009000a0009000b000a000c000d000e000d000f000e001000110012001100130012001400150016001500170016001600170018001700190018001a001b001c001b001d001c001e001f0020001f0021002000220023002400230025002400170015002600150027002600280029002a0029002b002a002c002d002e002d002f002e003000310032003100330032001500140034001400350034003600370038003700390038003a003b003c003b003d003c003e003f0040003f0041004000140016004200160043004200440045004600450047004600480049004a0049004b004a004c004d004e004d004f004e00
  m_VertexData:
    serializedVersion: 3
    m_VertexCount: 80
    m_Channels:
    - stream: 0
      offset: 0
      format: 0
      dimension: 3
    - stream: 0
      offset: 12
      format: 0
      dimension: 3
    - stream: 0
      offset: 24
      format: 0
      dimension: 4
    - stream: 0
      offset: 0
      format: 0
      dimension: 0
    - stream: 0
      offset: 40
      format: 0
      dimension: 2
    - stream: 0
      offset: 48
      format: 0
      dimension: 2
    - stream: 0
      offset: 0
      format: 0
      dimension: 0
    - stream: 0
      offset: 0
      format: 0
      dimension: 0
    - stream: 0
      offset: 0
      format: 0
      dimension: 0
    - stream: 0
      offset: 0
      format: 0
      dimension: 0
    - stream: 0
      offset: 0
      format: 0
      dimension: 0
    - stream: 0
      offset: 0
      format: 0
      dimension: 0
    - stream: 0
      offset: 0
      format: 0
      dimension: 0
    - stream: 0
      offset: 0
      format: 0
      dimension: 0
    m_DataSize: 4480
    _typelessdata: 000000000000000098678e4100000000000000000000803f000080bf0000000000000000000080bf00000000000000004b5b153f58a9bf3d71bb8f410000000098678e4100000000000000000000803f000080bf0000000000000000000080bf71bb8fc1000000005aee683f58a9bf3d0000000070a8f73f98678e4100000000000000000000803f000080bf0000000000000000000080bf0000000070a8f73f485b153fe0d4033e71bb8f4170a8f73f98678e4100000000000000000000803f000080bf0000000000000000000080bf71bb8fc170a8f73f57ee683fe0d4033e9516b94100000000e23a54410000803f000000000000000000000000000000000000803f000080bfe23a5441000000004b5b153f3bd6603e9516b94100000000000080bf0000803f000000000000000000000000000000000000803f000080bf000080bf00000000bab5573f3bd6603e9516b9414025ff3fe23a54410000803f000000000000000000000000000000000000803f000080bfe23a54414025ff3f485b153f89f6823e9516b9414025ff3f000080bf0000803f000000000000000000000000000000000000803f000080bf000080bf4025ff3fb6b5573f89f6823e71bb8f410000000036db00c10000000000000000000080bf0000803f0000000000000000000080bf71bb8f41000000004c5b153f0bd7a33c000000000000000036db00c10000000000000000000080bf0000803f0000000000000000000080bf00000000000000005bee683f0bd7a33c71bb8f4104bc3c4036db00c10000000000000000000080bf0000803f0000000000000000000080bf71bb8f4104bc3c40485b153f95b3963d0000000004bc3c4036db00c10000000000000000000080bf0000803f0000000000000000000080bf0000000004bc3c4056ee683f95b3963d53c0cdc000000000000080bf000080bf00000000000000000000000000000000000080bf000080bf0000803f000000004b5b153fc14f183e53c0cdc000000000e23a5441000080bf00000000000000000000000000000000000080bf000080bfe23a54c100000000bab5573fc14f183e53c0cdc014043340000080bf000080bf00000000000000000000000000000000000080bf000080bf0000803f14043340485b153f595b4c3e53c0cdc014043340e23a5441000080bf00000000000000000000000000000000000080bf000080bfe23a54c114043340b6b5573f595b4c3e000000000000803fe23a5441000000000000803f000000000000803f0000000000000000000080bf00000000e23a5441ca5ce23ee306d33e71bb8f410000803fe23a5441000000000000803f000000000000803f0000000000000000000080bf71bb8f41e23a5441abdaec3de306d33e000000000000803f000080bf000000000000803f000000000000803f0000000000000000000080bf00000000000080bfcb5ce23e0ca41c3e71bb8f410000803f000080bf000000000000803f000000000000803f0000000000000000000080bf71bb8f41000080bfacdaec3d0ca41c3e0000000000000000000080bf00000000000080bf00000000000080bf0000000000000000000080bf00000000000080bfba1d0c3e15fd243f71bb8f4100000000000080bf00000000000080bf00000000000080bf0000000000000000000080bf71bb8fc1000080bffd34ed3e13fd243f0000000000000000e23a544100000000000080bf00000000000080bf0000000000000000000080bf00000000e23a5441c21d0c3e8457673f71bb8f4100000000e23a544100000000000080bf00000000000080bf0000000000000000000080bf71bb8fc1e23a54410135ed3e8257673f000000000000000098678e4100000000000080bf00000000000080bf0000000000000000000080bf0000000098678e41b31d0c3e5e717c3f71bb8f410000000098678e4100000000000080bf00000000000080bf0000000000000000000080bf71bb8fc198678e41f934ed3e5c717c3f000000000000803fe23a5441000080bf00000000000000000000000000000000000080bf000080bfe23a54c10000803f4274583fa281963e0000000000000000e23a5441000080bf00000000000000000000000000000000000080bf000080bfe23a54c1000000004274583ff9338d3e0000000070a8f73f98678e41000080bf00000000000000000000000000000000000080bf000080bf98678ec170a8f73f1c8e6d3f12349f3e000000000000000098678e41000080bf00000000000000000000000000000000000080bf000080bf98678ec1000000001c8e6d3ff9338d3e71bb8f4100000000e23a54410000803f000000000000000000000000000000000000803f000080bfe23a5441000000006463503fd6fca93e71bb8f410000803fe23a54410000803f000000000000000000000000000000000000803f000080bfe23a54410000803f6463503f7e4ab33e71bb8f410000000098678e410000803f000000000000000000000000000000000000803f000080bf98678e41000000008b493b3fd5fca93e71bb8f4170a8f73f98678e410000803f000000000000000000000000000000000000803f000080bf98678e4170a8f73f8b493b3feffcbb3e71bb8f410000803fe23a5441000000002cbb7a3f1faf4ebe0000803f0000000000000000000080bf71bb8f4169175341abdaec3de306d33e000000000000803fe23a5441000000002cbb7a3f1faf4ebe0000803f0000000000000000000080bf0000000069175341ca5ce23ee306d33e71bb8f4170a8f73f98678e41000000002cbb7a3f1faf4ebe0000803f0000000000000000000080bf71bb8f4114998e4188daec3d9f1dfe3e0000000070a8f73f98678e41000000002cbb7a3f1faf4ebe0000803f0000000000000000000080bf0000000014998e41c25ce23e9f1dfe3e9516b94100000000e23a544100000000000080bf00000000000080bf0000000000000000000080bf9516b9c1e23a544180a60e3f8457673f9516b94100000000000080bf00000000000080bf00000000000080bf0000000000000000000080bf9516b9c1000080bf7ea60e3f16fd243f71bb8f410000803fe23a544100000000000000000000803f000080bf0000000000000000000080bf71bb8fc10000803f72d45c3f8c71733e71bb8f4100000000e23a544100000000000000000000803f000080bf0000000000000000000080bf71bb8fc10000000072d45c3f3bd6603e9516b9414025ff3fe23a544100000000000000000000803f000080bf0000000000000000000080bf9516b9c14025ff3f71e0743f87f6823e9516b94100000000e23a544100000000000000000000803f000080bf0000000000000000000080bf9516b9c10000000071e0743f3bd6603e71bb8f4100000000000080bf0000000000000000000080bf0000803f0000000000000000000080bf71bb8f41000000008955533ffa338d3e71bb8f410000803f000080bf0000000000000000000080bf0000803f0000000000000000000080bf71bb8f410000803f8a55533fa281963e9516b94100000000000080bf0000000000000000000080bf0000803f0000000000000000000080bf9516b941000000008b493b3ff9338d3e9516b9414025ff3f000080bf0000000000000000000080bf0000803f0000000000000000000080bf9516b9414025ff3f8b493b3f65bf9f3e71bb8f410000803f000080bf463a41bea5667b3f00000000a6667b3f473a413e00000000000080bfdea88e41000080bfacdaec3d0ca41c3e71bb8f410000803fe23a5441463a41bea5667b3f00000000a6667b3f473a413e00000000000080bfdea88e41e23a5441abdaec3de306d33e9516b9414025ff3f000080bf463a41bea5667b3f00000000a6667b3f473a413e00000000000080bfafc5b841000080bf0dd7a33cfea31c3e9516b9414025ff3fe23a5441463a41bea5667b3f00000000a6667b3f473a413e00000000000080bfafc5b841e23a54410bd7a33cdc06d33e71bb8f410000000036db00c100000000000080bf00000000000080bf0000000000000000000080bf71bb8fc136db00c10435ed3e882d043f000000000000000036db00c100000000000080bf00000000000080bf0000000000000000000080bf0000000036db00c1c71d0c3e8a2d043f71bb8f410000803f000080bf0000803f000000000000000000000000000000000000803f000080bf000080bf0000803f485b153fa281963e71bb8f4100000000000080bf0000803f000000000000000000000000000000000000803f000080bf000080bf00000000485b153ff9338d3e71bb8f4104bc3c4036db00c10000803f000000000000000000000000000000000000803f000080bf36db00c104bc3c40d22a363f6ca3a83e71bb8f410000000036db00c10000803f000000000000000000000000000000000000803f000080bf36db00c100000000d22a363ff9338d3e0000000000000000000080bf000080bf00000000000000000000000000000000000080bf000080bf0000803f00000000d12a363fdee0b23e000000000000803f000080bf000080bf00000000000000000000000000000000000080bf000080bf0000803f0000803fd22a363f862ebc3e000000000000000036db00c1000080bf00000000000000000000000000000000000080bf000080bf36db004100000000485b153fdde0b23e0000000004bc3c4036db00c1000080bf00000000000000000000000000000000000080bf000080bf36db004104bc3c40485b153f5150ce3e000000000000803f000080bf00000000ecc0763fbb5c883e0000803f0000000000000000000080bf00000000a4779dbfcb5ce23e0ca41c3e71bb8f410000803f000080bf00000000ecc0763fbb5c883e0000803f0000000000000000000080bf71bb8f41a4779dbfacdaec3d0ca41c3e0000000004bc3c4036db00c100000000ecc0763fbb5c883e0000803f0000000000000000000080bf00000000c8c408c1d45ce23e0bd7a33c71bb8f4104bc3c4036db00c100000000ecc0763fbb5c883e0000803f0000000000000000000080bf71bb8f41c8c408c1d0daec3d0bd7a33c53c0cdc000000000000080bf00000000000080bf00000000000080bf0000000000000000000080bf53c0cd40000080bf0bd7a33c13fd243f53c0cdc000000000e23a544100000000000080bf00000000000080bf0000000000000000000080bf53c0cd40e23a54414cd7a33c8257673f000000000000803f000080bf0000000000000000000080bf0000803f0000000000000000000080bf000000000000803f72d45c3f13eb2a3e0000000000000000000080bf0000000000000000000080bf0000803f0000000000000000000080bf000000000000000072d45c3fc14f183e53c0cdc014043340000080bf0000000000000000000080bf0000803f0000000000000000000080bf53c0cdc01404334028bd7a3f565b4c3e53c0cdc000000000000080bf0000000000000000000080bf0000803f0000000000000000000080bf53c0cdc00000000028bd7a3fc14f183e0000000000000000e23a544100000000000000000000803f000080bf0000000000000000000080bf0000000000000000fd43333fc38dd83e000000000000803fe23a544100000000000000000000803f000080bf0000000000000000000080bf000000000000803ffd43333f6bdbe13e53c0cdc000000000e23a544100000000000000000000803f000080bf0000000000000000000080bf53c0cd4000000000485b153fc28dd83e53c0cdc014043340e23a544100000000000000000000803f000080bf0000000000000000000080bf53c0cd4014043340485b153f8e93f23e000000000000803fe23a5441aed2893ef68c763f00000000f68c763faed289be00000000000080bfaed289bee23a5441ca5ce23ee306d33e000000000000803f000080bfaed2893ef68c763f00000000f68c763faed289be00000000000080bfaed289be000080bfcb5ce23e0ca41c3e53c0cdc014043340e23a5441aed2893ef68c763f00000000f68c763faed289be00000000000080bf3b40dec0e23a54418f3c103feb06d33e53c0cdc014043340000080bfaed2893ef68c763f00000000f68c763faed289be00000000000080bf3b40dec0000080bf8f3c103f1aa41c3e
  m_CompressedMesh:
    m_Vertices:
      m_NumItems: 0
      m_Range: 0
      m_Start: 0
      m_Data: 
      m_BitSize: 0
    m_UV:
      m_NumItems: 0
      m_Range: 0
      m_Start: 0
      m_Data: 
      m_BitSize: 0
    m_Normals:
      m_NumItems: 0
      m_Range: 0
      m_Start: 0
      m_Data: 
      m_BitSize: 0
    m_Tangents:
      m_NumItems: 0
      m_Range: 0
      m_Start: 0
      m_Data: 
      m_BitSize: 0
    m_Weights:
      m_NumItems: 0
      m_Data: 
      m_BitSize: 0
    m_NormalSigns:
      m_NumItems: 0
      m_Data: 
      m_BitSize: 0
    m_TangentSigns:
      m_NumItems: 0
      m_Data: 
      m_BitSize: 0
    m_FloatColors:
      m_NumItems: 0
      m_Range: 0
      m_Start: 0
      m_Data: 
      m_BitSize: 0
    m_BoneIndices:
      m_NumItems: 0
      m_Data: 
      m_BitSize: 0
    m_Triangles:
      m_NumItems: 0
      m_Data: 
      m_BitSize: 0
    m_UVInfo: 0
  m_LocalAABB:
    m_Center: {x: 8.353149, y: 1.4744878, z: 4.8735323}
    m_Extent: {x: 14.782877, y: 1.4744878, z: 12.927051}
  m_MeshUsageFlags: 0
  m_BakedConvexCollisionMesh: 
  m_BakedTriangleCollisionMesh: 
  m_MeshMetrics[0]: 1
  m_MeshMetrics[1]: 1
  m_MeshOptimizationFlags: 1
  m_StreamData:
    offset: 0
    size: 0
    path: 
--- !u!1 &598299406
GameObject:
  m_ObjectHideFlags: 0
  m_CorrespondingSourceObject: {fileID: 0}
  m_PrefabInstance: {fileID: 0}
  m_PrefabAsset: {fileID: 0}
  serializedVersion: 6
  m_Component:
  - component: {fileID: 598299407}
  - component: {fileID: 598299410}
  - component: {fileID: 598299409}
  - component: {fileID: 598299408}
  - component: {fileID: 598299411}
  m_Layer: 0
  m_Name: AttackBoxCollider
  m_TagString: Untagged
  m_Icon: {fileID: 0}
  m_NavMeshLayer: 0
  m_StaticEditorFlags: 0
  m_IsActive: 1
--- !u!4 &598299407
Transform:
  m_ObjectHideFlags: 0
  m_CorrespondingSourceObject: {fileID: 0}
  m_PrefabInstance: {fileID: 0}
  m_PrefabAsset: {fileID: 0}
  m_GameObject: {fileID: 598299406}
  m_LocalRotation: {x: 0, y: 0, z: 0, w: 1}
  m_LocalPosition: {x: 0, y: 0.87, z: 0.429}
  m_LocalScale: {x: 1, y: 1, z: 1}
  m_Children: []
  m_Father: {fileID: 115957186}
  m_RootOrder: 2
  m_LocalEulerAnglesHint: {x: 0, y: 0, z: 0}
--- !u!65 &598299408
BoxCollider:
  m_ObjectHideFlags: 0
  m_CorrespondingSourceObject: {fileID: 0}
  m_PrefabInstance: {fileID: 0}
  m_PrefabAsset: {fileID: 0}
  m_GameObject: {fileID: 598299406}
  m_Material: {fileID: 0}
  m_IsTrigger: 1
  m_Enabled: 1
  serializedVersion: 2
  m_Size: {x: 0.48, y: 0.57, z: 0.51}
  m_Center: {x: 0, y: 0.31, z: 0}
--- !u!23 &598299409
MeshRenderer:
  m_ObjectHideFlags: 0
  m_CorrespondingSourceObject: {fileID: 0}
  m_PrefabInstance: {fileID: 0}
  m_PrefabAsset: {fileID: 0}
  m_GameObject: {fileID: 598299406}
  m_Enabled: 0
  m_CastShadows: 1
  m_ReceiveShadows: 1
  m_DynamicOccludee: 1
  m_MotionVectors: 1
  m_LightProbeUsage: 1
  m_ReflectionProbeUsage: 1
  m_RayTracingMode: 2
  m_RenderingLayerMask: 1
  m_RendererPriority: 0
  m_Materials:
  - {fileID: 10303, guid: 0000000000000000f000000000000000, type: 0}
  m_StaticBatchInfo:
    firstSubMesh: 0
    subMeshCount: 0
  m_StaticBatchRoot: {fileID: 0}
  m_ProbeAnchor: {fileID: 0}
  m_LightProbeVolumeOverride: {fileID: 0}
  m_ScaleInLightmap: 1
  m_ReceiveGI: 1
  m_PreserveUVs: 0
  m_IgnoreNormalsForChartDetection: 0
  m_ImportantGI: 0
  m_StitchLightmapSeams: 1
  m_SelectedEditorRenderState: 3
  m_MinimumChartSize: 4
  m_AutoUVMaxDistance: 0.5
  m_AutoUVMaxAngle: 89
  m_LightmapParameters: {fileID: 0}
  m_SortingLayerID: 0
  m_SortingLayer: 0
  m_SortingOrder: 0
--- !u!33 &598299410
MeshFilter:
  m_ObjectHideFlags: 0
  m_CorrespondingSourceObject: {fileID: 0}
  m_PrefabInstance: {fileID: 0}
  m_PrefabAsset: {fileID: 0}
  m_GameObject: {fileID: 598299406}
  m_Mesh: {fileID: 10202, guid: 0000000000000000e000000000000000, type: 0}
--- !u!114 &598299411
MonoBehaviour:
  m_ObjectHideFlags: 0
  m_CorrespondingSourceObject: {fileID: 0}
  m_PrefabInstance: {fileID: 0}
  m_PrefabAsset: {fileID: 0}
  m_GameObject: {fileID: 598299406}
  m_Enabled: 1
  m_EditorHideFlags: 0
  m_Script: {fileID: 11500000, guid: 2046949a0bc3fba419841e29c92302b8, type: 3}
  m_Name: 
  m_EditorClassIdentifier: 
  callWhenTriggerEnter:
    m_PersistentCalls:
      m_Calls:
      - m_Target: {fileID: 115957181}
        m_MethodName: SetPlayerInAttackRange
        m_Mode: 1
        m_Arguments:
          m_ObjectArgument: {fileID: 0}
          m_ObjectArgumentAssemblyTypeName: UnityEngine.Object, UnityEngine
          m_IntArgument: 0
          m_FloatArgument: 0
          m_StringArgument: 
          m_BoolArgument: 0
        m_CallState: 2
  callWhenTriggerExit:
    m_PersistentCalls:
      m_Calls:
      - m_Target: {fileID: 115957181}
        m_MethodName: ResetPlayerInAttackRange
        m_Mode: 1
        m_Arguments:
          m_ObjectArgument: {fileID: 0}
          m_ObjectArgumentAssemblyTypeName: UnityEngine.Object, UnityEngine
          m_IntArgument: 0
          m_FloatArgument: 0
          m_StringArgument: 
          m_BoolArgument: 0
        m_CallState: 2
  playerCollider: {fileID: 0}
--- !u!1 &1152866858
GameObject:
  m_ObjectHideFlags: 0
  m_CorrespondingSourceObject: {fileID: 0}
  m_PrefabInstance: {fileID: 0}
  m_PrefabAsset: {fileID: 0}
  serializedVersion: 6
  m_Component:
  - component: {fileID: 1152866859}
  m_Layer: 0
  m_Name: wp (2)
  m_TagString: Untagged
  m_Icon: {fileID: 0}
  m_NavMeshLayer: 0
  m_StaticEditorFlags: 0
  m_IsActive: 1
--- !u!4 &1152866859
Transform:
  m_ObjectHideFlags: 0
  m_CorrespondingSourceObject: {fileID: 0}
  m_PrefabInstance: {fileID: 0}
  m_PrefabAsset: {fileID: 0}
  m_GameObject: {fileID: 1152866858}
  m_LocalRotation: {x: 0, y: 0, z: 0, w: 1}
  m_LocalPosition: {x: 16.37, y: 0, z: 11.27}
  m_LocalScale: {x: 1, y: 1, z: 1}
  m_Children: []
  m_Father: {fileID: 1965815771}
  m_RootOrder: 2
  m_LocalEulerAnglesHint: {x: 0, y: 0, z: 0}
--- !u!1 &1330085744
GameObject:
  m_ObjectHideFlags: 0
  m_CorrespondingSourceObject: {fileID: 0}
  m_PrefabInstance: {fileID: 0}
  m_PrefabAsset: {fileID: 0}
  serializedVersion: 6
  m_Component:
  - component: {fileID: 1330085749}
  - component: {fileID: 1330085748}
  - component: {fileID: 1330085747}
  - component: {fileID: 1330085746}
  - component: {fileID: 1330085745}
  m_Layer: 0
  m_Name: Stage
  m_TagString: Untagged
  m_Icon: {fileID: 0}
  m_NavMeshLayer: 0
  m_StaticEditorFlags: 41
  m_IsActive: 1
--- !u!64 &1330085745
MeshCollider:
  m_ObjectHideFlags: 0
  m_CorrespondingSourceObject: {fileID: 0}
  m_PrefabInstance: {fileID: 0}
  m_PrefabAsset: {fileID: 0}
  m_GameObject: {fileID: 1330085744}
  m_Material: {fileID: 0}
  m_IsTrigger: 0
  m_Enabled: 1
  serializedVersion: 4
  m_Convex: 0
  m_CookingOptions: 30
  m_Mesh: {fileID: 412935260}
--- !u!33 &1330085746
MeshFilter:
  m_ObjectHideFlags: 10
  m_CorrespondingSourceObject: {fileID: 0}
  m_PrefabInstance: {fileID: 0}
  m_PrefabAsset: {fileID: 0}
  m_GameObject: {fileID: 1330085744}
  m_Mesh: {fileID: 412935260}
--- !u!23 &1330085747
MeshRenderer:
  m_ObjectHideFlags: 0
  m_CorrespondingSourceObject: {fileID: 0}
  m_PrefabInstance: {fileID: 0}
  m_PrefabAsset: {fileID: 0}
  m_GameObject: {fileID: 1330085744}
  m_Enabled: 1
  m_CastShadows: 1
  m_ReceiveShadows: 1
  m_DynamicOccludee: 1
  m_MotionVectors: 1
  m_LightProbeUsage: 1
  m_ReflectionProbeUsage: 1
  m_RayTracingMode: 2
  m_RenderingLayerMask: 1
  m_RendererPriority: 0
  m_Materials:
  - {fileID: 2100000, guid: c22777d6e868e4f2fb421913386b154e, type: 2}
  m_StaticBatchInfo:
    firstSubMesh: 0
    subMeshCount: 0
  m_StaticBatchRoot: {fileID: 0}
  m_ProbeAnchor: {fileID: 0}
  m_LightProbeVolumeOverride: {fileID: 0}
  m_ScaleInLightmap: 1
  m_ReceiveGI: 1
  m_PreserveUVs: 0
  m_IgnoreNormalsForChartDetection: 0
  m_ImportantGI: 0
  m_StitchLightmapSeams: 1
  m_SelectedEditorRenderState: 2
  m_MinimumChartSize: 4
  m_AutoUVMaxDistance: 0.5
  m_AutoUVMaxAngle: 89
  m_LightmapParameters: {fileID: 0}
  m_SortingLayerID: 0
  m_SortingLayer: 0
  m_SortingOrder: 0
--- !u!114 &1330085748
MonoBehaviour:
  m_ObjectHideFlags: 0
  m_CorrespondingSourceObject: {fileID: 0}
  m_PrefabInstance: {fileID: 0}
  m_PrefabAsset: {fileID: 0}
  m_GameObject: {fileID: 1330085744}
  m_Enabled: 1
  m_EditorHideFlags: 0
  m_Script: {fileID: 11500000, guid: 8233d90336aea43098adf6dbabd606a2, type: 3}
  m_Name: 
  m_EditorClassIdentifier: 
  m_MeshFormatVersion: 1
  m_Faces:
  - m_Indexes: 000000000100000002000000010000000300000002000000
    m_SmoothingGroup: 0
    m_Uv:
      m_UseWorldSpace: 0
      m_FlipU: 0
      m_FlipV: 0
      m_SwapUV: 0
      m_Fill: 1
      m_Scale: {x: 1, y: 1}
      m_Offset: {x: 0, y: 0}
      m_Rotation: 0
      m_Anchor: 9
    m_Material: {fileID: 0}
    m_SubmeshIndex: 0
    m_ManualUV: 0
    elementGroup: -1
    m_TextureGroup: -1
  - m_Indexes: 040000000500000006000000050000000700000006000000
    m_SmoothingGroup: 0
    m_Uv:
      m_UseWorldSpace: 0
      m_FlipU: 0
      m_FlipV: 0
      m_SwapUV: 0
      m_Fill: 1
      m_Scale: {x: 1, y: 1}
      m_Offset: {x: 0, y: 0}
      m_Rotation: 0
      m_Anchor: 9
    m_Material: {fileID: 0}
    m_SubmeshIndex: 0
    m_ManualUV: 0
    elementGroup: -1
    m_TextureGroup: -1
  - m_Indexes: 08000000090000000a000000090000000b0000000a000000
    m_SmoothingGroup: 0
    m_Uv:
      m_UseWorldSpace: 0
      m_FlipU: 0
      m_FlipV: 0
      m_SwapUV: 0
      m_Fill: 1
      m_Scale: {x: 1, y: 1}
      m_Offset: {x: 0, y: 0}
      m_Rotation: 0
      m_Anchor: 9
    m_Material: {fileID: 0}
    m_SubmeshIndex: 0
    m_ManualUV: 0
    elementGroup: -1
    m_TextureGroup: -1
  - m_Indexes: 0c0000000d0000000e0000000d0000000f0000000e000000
    m_SmoothingGroup: 0
    m_Uv:
      m_UseWorldSpace: 0
      m_FlipU: 0
      m_FlipV: 0
      m_SwapUV: 0
      m_Fill: 1
      m_Scale: {x: 1, y: 1}
      m_Offset: {x: 0, y: 0}
      m_Rotation: 0
      m_Anchor: 9
    m_Material: {fileID: 0}
    m_SubmeshIndex: 0
    m_ManualUV: 0
    elementGroup: -1
    m_TextureGroup: -1
  - m_Indexes: 100000001100000012000000110000001300000012000000
    m_SmoothingGroup: 0
    m_Uv:
      m_UseWorldSpace: 0
      m_FlipU: 0
      m_FlipV: 0
      m_SwapUV: 0
      m_Fill: 1
      m_Scale: {x: 1, y: 1}
      m_Offset: {x: 0, y: 0}
      m_Rotation: 0
      m_Anchor: 9
    m_Material: {fileID: 0}
    m_SubmeshIndex: 0
    m_ManualUV: 0
    elementGroup: -1
    m_TextureGroup: -1
  - m_Indexes: 140000001500000016000000150000001700000016000000
    m_SmoothingGroup: 0
    m_Uv:
      m_UseWorldSpace: 0
      m_FlipU: 0
      m_FlipV: 0
      m_SwapUV: 0
      m_Fill: 1
      m_Scale: {x: 1, y: 1}
      m_Offset: {x: 0, y: 0}
      m_Rotation: 0
      m_Anchor: 9
    m_Material: {fileID: 0}
    m_SubmeshIndex: 0
    m_ManualUV: 0
    elementGroup: -1
    m_TextureGroup: -1
  - m_Indexes: 18000000190000001a000000190000001b0000001a000000
    m_SmoothingGroup: 0
    m_Uv:
      m_UseWorldSpace: 0
      m_FlipU: 0
      m_FlipV: 0
      m_SwapUV: 0
      m_Fill: 1
      m_Scale: {x: 1, y: 1}
      m_Offset: {x: 0, y: 0}
      m_Rotation: 0
      m_Anchor: 9
    m_Material: {fileID: 0}
    m_SubmeshIndex: 0
    m_ManualUV: 0
    elementGroup: -1
    m_TextureGroup: -1
  - m_Indexes: 1c0000001d0000001e0000001d0000001f0000001e000000
    m_SmoothingGroup: 0
    m_Uv:
      m_UseWorldSpace: 0
      m_FlipU: 0
      m_FlipV: 0
      m_SwapUV: 0
      m_Fill: 1
      m_Scale: {x: 1, y: 1}
      m_Offset: {x: 0, y: 0}
      m_Rotation: 0
      m_Anchor: 9
    m_Material: {fileID: 0}
    m_SubmeshIndex: 0
    m_ManualUV: 0
    elementGroup: -1
    m_TextureGroup: -1
  - m_Indexes: 200000002100000022000000210000002300000022000000
    m_SmoothingGroup: 0
    m_Uv:
      m_UseWorldSpace: 0
      m_FlipU: 0
      m_FlipV: 0
      m_SwapUV: 0
      m_Fill: 1
      m_Scale: {x: 1, y: 1}
      m_Offset: {x: 0, y: 0}
      m_Rotation: 0
      m_Anchor: 9
    m_Material: {fileID: 0}
    m_SubmeshIndex: 0
    m_ManualUV: 0
    elementGroup: -1
    m_TextureGroup: -1
  - m_Indexes: 240000002500000026000000250000002700000026000000
    m_SmoothingGroup: 0
    m_Uv:
      m_UseWorldSpace: 0
      m_FlipU: 0
      m_FlipV: 0
      m_SwapUV: 0
      m_Fill: 1
      m_Scale: {x: 1, y: 1}
      m_Offset: {x: 0, y: 0}
      m_Rotation: 0
      m_Anchor: 9
    m_Material: {fileID: 0}
    m_SubmeshIndex: 0
    m_ManualUV: 0
    elementGroup: -1
    m_TextureGroup: -1
  - m_Indexes: 28000000290000002a000000290000002b0000002a000000
    m_SmoothingGroup: 0
    m_Uv:
      m_UseWorldSpace: 0
      m_FlipU: 0
      m_FlipV: 0
      m_SwapUV: 0
      m_Fill: 1
      m_Scale: {x: 1, y: 1}
      m_Offset: {x: 0, y: 0}
      m_Rotation: 0
      m_Anchor: 9
    m_Material: {fileID: 0}
    m_SubmeshIndex: 0
    m_ManualUV: 0
    elementGroup: -1
    m_TextureGroup: -1
  - m_Indexes: 2c0000002d0000002e0000002d0000002f0000002e000000
    m_SmoothingGroup: 0
    m_Uv:
      m_UseWorldSpace: 0
      m_FlipU: 0
      m_FlipV: 0
      m_SwapUV: 0
      m_Fill: 1
      m_Scale: {x: 1, y: 1}
      m_Offset: {x: 0, y: 0}
      m_Rotation: 0
      m_Anchor: 9
    m_Material: {fileID: 0}
    m_SubmeshIndex: 0
    m_ManualUV: 0
    elementGroup: -1
    m_TextureGroup: -1
  - m_Indexes: 300000003100000032000000310000003300000032000000
    m_SmoothingGroup: 0
    m_Uv:
      m_UseWorldSpace: 0
      m_FlipU: 0
      m_FlipV: 0
      m_SwapUV: 0
      m_Fill: 1
      m_Scale: {x: 1, y: 1}
      m_Offset: {x: 0, y: 0}
      m_Rotation: 0
      m_Anchor: 9
    m_Material: {fileID: 0}
    m_SubmeshIndex: 0
    m_ManualUV: 0
    elementGroup: -1
    m_TextureGroup: -1
  - m_Indexes: 340000003500000036000000350000003700000036000000
    m_SmoothingGroup: 0
    m_Uv:
      m_UseWorldSpace: 0
      m_FlipU: 0
      m_FlipV: 0
      m_SwapUV: 0
      m_Fill: 1
      m_Scale: {x: 1, y: 1}
      m_Offset: {x: 0, y: 0}
      m_Rotation: 0
      m_Anchor: 9
    m_Material: {fileID: 0}
    m_SubmeshIndex: 0
    m_ManualUV: 0
    elementGroup: -1
    m_TextureGroup: -1
  - m_Indexes: 38000000390000003a000000390000003b0000003a000000
    m_SmoothingGroup: 0
    m_Uv:
      m_UseWorldSpace: 0
      m_FlipU: 0
      m_FlipV: 0
      m_SwapUV: 0
      m_Fill: 1
      m_Scale: {x: 1, y: 1}
      m_Offset: {x: 0, y: 0}
      m_Rotation: 0
      m_Anchor: 9
    m_Material: {fileID: 0}
    m_SubmeshIndex: 0
    m_ManualUV: 0
    elementGroup: -1
    m_TextureGroup: -1
  - m_Indexes: 3c0000003d0000003e0000003d0000003f0000003e000000
    m_SmoothingGroup: 0
    m_Uv:
      m_UseWorldSpace: 0
      m_FlipU: 0
      m_FlipV: 0
      m_SwapUV: 0
      m_Fill: 1
      m_Scale: {x: 1, y: 1}
      m_Offset: {x: 0, y: 0}
      m_Rotation: 0
      m_Anchor: 9
    m_Material: {fileID: 0}
    m_SubmeshIndex: 0
    m_ManualUV: 0
    elementGroup: -1
    m_TextureGroup: -1
  - m_Indexes: 400000004100000042000000410000004300000042000000
    m_SmoothingGroup: 0
    m_Uv:
      m_UseWorldSpace: 0
      m_FlipU: 0
      m_FlipV: 0
      m_SwapUV: 0
      m_Fill: 1
      m_Scale: {x: 1, y: 1}
      m_Offset: {x: 0, y: 0}
      m_Rotation: 0
      m_Anchor: 9
    m_Material: {fileID: 0}
    m_SubmeshIndex: 0
    m_ManualUV: 0
    elementGroup: -1
    m_TextureGroup: -1
  - m_Indexes: 440000004500000046000000450000004700000046000000
    m_SmoothingGroup: 0
    m_Uv:
      m_UseWorldSpace: 0
      m_FlipU: 0
      m_FlipV: 0
      m_SwapUV: 0
      m_Fill: 1
      m_Scale: {x: 1, y: 1}
      m_Offset: {x: 0, y: 0}
      m_Rotation: 0
      m_Anchor: 9
    m_Material: {fileID: 0}
    m_SubmeshIndex: 0
    m_ManualUV: 0
    elementGroup: -1
    m_TextureGroup: -1
  - m_Indexes: 48000000490000004a000000490000004b0000004a000000
    m_SmoothingGroup: 0
    m_Uv:
      m_UseWorldSpace: 0
      m_FlipU: 0
      m_FlipV: 0
      m_SwapUV: 0
      m_Fill: 1
      m_Scale: {x: 1, y: 1}
      m_Offset: {x: 0, y: 0}
      m_Rotation: 0
      m_Anchor: 9
    m_Material: {fileID: 0}
    m_SubmeshIndex: 0
    m_ManualUV: 0
    elementGroup: -1
    m_TextureGroup: -1
  - m_Indexes: 4c0000004d0000004e0000004d0000004f0000004e000000
    m_SmoothingGroup: 0
    m_Uv:
      m_UseWorldSpace: 0
      m_FlipU: 0
      m_FlipV: 0
      m_SwapUV: 0
      m_Fill: 1
      m_Scale: {x: 1, y: 1}
      m_Offset: {x: 0, y: 0}
      m_Rotation: 0
      m_Anchor: 9
    m_Material: {fileID: 0}
    m_SubmeshIndex: 0
    m_ManualUV: 0
    elementGroup: -1
    m_TextureGroup: -1
  - m_Indexes: 500000005100000052000000510000005300000052000000
    m_SmoothingGroup: 0
    m_Uv:
      m_UseWorldSpace: 0
      m_FlipU: 0
      m_FlipV: 0
      m_SwapUV: 0
      m_Fill: 1
      m_Scale: {x: 1, y: 1}
      m_Offset: {x: 0, y: 0}
      m_Rotation: 0
      m_Anchor: 9
    m_Material: {fileID: 0}
    m_SubmeshIndex: 0
    m_ManualUV: 0
    elementGroup: -1
    m_TextureGroup: -1
  - m_Indexes: 540000005500000056000000550000005700000056000000
    m_SmoothingGroup: 0
    m_Uv:
      m_UseWorldSpace: 0
      m_FlipU: 0
      m_FlipV: 0
      m_SwapUV: 0
      m_Fill: 1
      m_Scale: {x: 1, y: 1}
      m_Offset: {x: 0, y: 0}
      m_Rotation: 0
      m_Anchor: 9
    m_Material: {fileID: 0}
    m_SubmeshIndex: 0
    m_ManualUV: 0
    elementGroup: -1
    m_TextureGroup: -1
  m_SharedVertices:
  - m_Vertices: 000000001a0000001f000000
  - m_Vertices: 0d0000004b00000052000000
  - m_Vertices: 16000000180000001d0000004900000050000000
  - m_Vertices: 010000001b00000022000000
  - m_Vertices: 040000002a0000002f000000
  - m_Vertices: 170000001900000020000000280000002d000000
  - m_Vertices: 020000001e00000027000000
  - m_Vertices: 0f0000005300000056000000
  - m_Vertices: 100000001c000000250000005100000054000000
  - m_Vertices: 030000002300000026000000
  - m_Vertices: 060000002e00000037000000
  - m_Vertices: 1100000021000000240000002c00000035000000
  - m_Vertices: 050000002b00000032000000
  - m_Vertices: 080000003a0000003f000000
  - m_Vertices: 150000002900000030000000380000003d000000
  - m_Vertices: 070000003300000036000000
  - m_Vertices: 0a0000003e00000047000000
  - m_Vertices: 1300000031000000340000003c00000045000000
  - m_Vertices: 090000003b00000042000000
  - m_Vertices: 0c0000004a0000004f000000
  - m_Vertices: 140000003900000040000000480000004d000000
  - m_Vertices: 0b0000004300000046000000
  - m_Vertices: 0e0000004e00000057000000
  - m_Vertices: 1200000041000000440000004c00000055000000
  m_SharedTextures: []
  m_Positions:
  - {x: 0, y: 0, z: 17.800583}
  - {x: 17.966524, y: 0, z: 17.800583}
  - {x: 0, y: 1.9348278, z: 17.800583}
  - {x: 17.966524, y: 1.9348278, z: 17.800583}
  - {x: 23.136026, y: 0, z: 13.264376}
  - {x: 23.136026, y: 0, z: -1}
  - {x: 23.136026, y: 1.9933243, z: 13.264376}
  - {x: 23.136026, y: 1.9933243, z: -1}
  - {x: 17.966524, y: 0, z: -8.053518}
  - {x: 0, y: 0, z: -8.053518}
  - {x: 17.966524, y: 2.9489756, z: -8.053518}
  - {x: 0, y: 2.9489756, z: -8.053518}
  - {x: -6.429727, y: 0, z: -1}
  - {x: -6.429727, y: 0, z: 13.264376}
  - {x: -6.429727, y: 2.797124, z: -1}
  - {x: -6.429727, y: 2.797124, z: 13.264376}
  - {x: 0, y: 1, z: 13.264376}
  - {x: 17.966524, y: 1, z: 13.264376}
  - {x: 0, y: 1, z: -1}
  - {x: 17.966524, y: 1, z: -1}
  - {x: 0, y: 0, z: -1}
  - {x: 17.966524, y: 0, z: -1}
  - {x: 0, y: 0, z: 13.264376}
  - {x: 17.966524, y: 0, z: 13.264376}
  - {x: 0, y: 0, z: 13.264376}
  - {x: 17.966524, y: 0, z: 13.264376}
  - {x: 0, y: 0, z: 17.800583}
  - {x: 17.966524, y: 0, z: 17.800583}
  - {x: 0, y: 1, z: 13.264376}
  - {x: 0, y: 0, z: 13.264376}
  - {x: 0, y: 1.9348278, z: 17.800583}
  - {x: 0, y: 0, z: 17.800583}
  - {x: 17.966524, y: 0, z: 13.264376}
  - {x: 17.966524, y: 1, z: 13.264376}
  - {x: 17.966524, y: 0, z: 17.800583}
  - {x: 17.966524, y: 1.9348278, z: 17.800583}
  - {x: 17.966524, y: 1, z: 13.264376}
  - {x: 0, y: 1, z: 13.264376}
  - {x: 17.966524, y: 1.9348278, z: 17.800583}
  - {x: 0, y: 1.9348278, z: 17.800583}
  - {x: 17.966524, y: 0, z: 13.264376}
  - {x: 17.966524, y: 0, z: -1}
  - {x: 23.136026, y: 0, z: 13.264376}
  - {x: 23.136026, y: 0, z: -1}
  - {x: 17.966524, y: 1, z: 13.264376}
  - {x: 17.966524, y: 0, z: 13.264376}
  - {x: 23.136026, y: 1.9933243, z: 13.264376}
  - {x: 23.136026, y: 0, z: 13.264376}
  - {x: 17.966524, y: 0, z: -1}
  - {x: 17.966524, y: 1, z: -1}
  - {x: 23.136026, y: 0, z: -1}
  - {x: 23.136026, y: 1.9933243, z: -1}
  - {x: 17.966524, y: 1, z: -1}
  - {x: 17.966524, y: 1, z: 13.264376}
  - {x: 23.136026, y: 1.9933243, z: -1}
  - {x: 23.136026, y: 1.9933243, z: 13.264376}
  - {x: 17.966524, y: 0, z: -1}
  - {x: 0, y: 0, z: -1}
  - {x: 17.966524, y: 0, z: -8.053518}
  - {x: 0, y: 0, z: -8.053518}
  - {x: 17.966524, y: 1, z: -1}
  - {x: 17.966524, y: 0, z: -1}
  - {x: 17.966524, y: 2.9489756, z: -8.053518}
  - {x: 17.966524, y: 0, z: -8.053518}
  - {x: 0, y: 0, z: -1}
  - {x: 0, y: 1, z: -1}
  - {x: 0, y: 0, z: -8.053518}
  - {x: 0, y: 2.9489756, z: -8.053518}
  - {x: 0, y: 1, z: -1}
  - {x: 17.966524, y: 1, z: -1}
  - {x: 0, y: 2.9489756, z: -8.053518}
  - {x: 17.966524, y: 2.9489756, z: -8.053518}
  - {x: 0, y: 0, z: -1}
  - {x: 0, y: 0, z: 13.264376}
  - {x: -6.429727, y: 0, z: -1}
  - {x: -6.429727, y: 0, z: 13.264376}
  - {x: 0, y: 1, z: -1}
  - {x: 0, y: 0, z: -1}
  - {x: -6.429727, y: 2.797124, z: -1}
  - {x: -6.429727, y: 0, z: -1}
  - {x: 0, y: 0, z: 13.264376}
  - {x: 0, y: 1, z: 13.264376}
  - {x: -6.429727, y: 0, z: 13.264376}
  - {x: -6.429727, y: 2.797124, z: 13.264376}
  - {x: 0, y: 1, z: 13.264376}
  - {x: 0, y: 1, z: -1}
  - {x: -6.429727, y: 2.797124, z: 13.264376}
  - {x: -6.429727, y: 2.797124, z: -1}
  m_Textures0:
  - {x: 0, y: 0}
  - {x: -17.966524, y: 0}
  - {x: 0, y: 1.9348278}
  - {x: -17.966524, y: 1.9348278}
  - {x: 13.264376, y: 0}
  - {x: -1, y: 0}
  - {x: 13.264376, y: 1.9933243}
  - {x: -1, y: 1.9933243}
  - {x: 17.966524, y: 0}
  - {x: 0, y: 0}
  - {x: 17.966524, y: 2.9489756}
  - {x: 0, y: 2.9489756}
  - {x: 1, y: 0}
  - {x: -13.264376, y: 0}
  - {x: 1, y: 2.797124}
  - {x: -13.264376, y: 2.797124}
  - {x: 0, y: 13.264376}
  - {x: 17.966524, y: 13.264376}
  - {x: 0, y: -1}
  - {x: 17.966524, y: -1}
  - {x: 0, y: -1}
  - {x: -17.966524, y: -1}
  - {x: 0, y: 13.264376}
  - {x: -17.966524, y: 13.264376}
  - {x: 0, y: 13.264376}
  - {x: -17.966524, y: 13.264376}
  - {x: 0, y: 17.800583}
  - {x: -17.966524, y: 17.800583}
  - {x: -13.264376, y: 1}
  - {x: -13.264376, y: 0}
  - {x: -17.800583, y: 1.9348278}
  - {x: -17.800583, y: 0}
  - {x: 13.264376, y: 0}
  - {x: 13.264376, y: 1}
  - {x: 17.800583, y: 0}
  - {x: 17.800583, y: 1.9348278}
  - {x: 17.966524, y: 13.193215}
  - {x: 0, y: 13.193215}
  - {x: 17.966524, y: 17.824745}
  - {x: 0, y: 17.824745}
  - {x: -17.966524, y: 13.264376}
  - {x: -17.966524, y: -1}
  - {x: -23.136026, y: 13.264376}
  - {x: -23.136026, y: -1}
  - {x: -17.966524, y: 1}
  - {x: -17.966524, y: 0}
  - {x: -23.136026, y: 1.9933243}
  - {x: -23.136026, y: 0}
  - {x: 17.966524, y: 0}
  - {x: 17.966524, y: 1}
  - {x: 23.136026, y: 0}
  - {x: 23.136026, y: 1.9933243}
  - {x: 17.832455, y: -1}
  - {x: 17.832455, y: 13.264376}
  - {x: 23.096525, y: -1}
  - {x: 23.096525, y: 13.264376}
  - {x: -17.966524, y: -1}
  - {x: 0, y: -1}
  - {x: -17.966524, y: -8.053518}
  - {x: 0, y: -8.053518}
  - {x: -1, y: 1}
  - {x: -1, y: 0}
  - {x: -8.053518, y: 2.9489756}
  - {x: -8.053518, y: 0}
  - {x: 1, y: 0}
  - {x: 1, y: 1}
  - {x: 8.053518, y: 0}
  - {x: 8.053518, y: 2.9489756}
  - {x: 0, y: -1.2302136}
  - {x: 17.966524, y: -1.2302136}
  - {x: 0, y: -8.548042}
  - {x: 17.966524, y: -8.548042}
  - {x: 0, y: -1}
  - {x: 0, y: 13.264376}
  - {x: 6.429727, y: -1}
  - {x: 6.429727, y: 13.264376}
  - {x: 0, y: 1}
  - {x: 0, y: 0}
  - {x: -6.429727, y: 2.797124}
  - {x: -6.429727, y: 0}
  - {x: 0, y: 0}
  - {x: 0, y: 1}
  - {x: 6.429727, y: 0}
  - {x: 6.429727, y: 2.797124}
  - {x: -0.26918548, y: 13.264376}
  - {x: -0.26918548, y: -1}
  - {x: -6.9453406, y: 13.264376}
  - {x: -6.9453406, y: -1}
  m_Textures2: []
  m_Textures3: []
  m_Tangents:
  - {x: -1, y: 0, z: 0, w: -1}
  - {x: -1, y: 0, z: 0, w: -1}
  - {x: -1, y: 0, z: 0, w: -1}
  - {x: -1, y: 0, z: 0, w: -1}
  - {x: 0, y: 0, z: 1, w: -1}
  - {x: 0, y: 0, z: 1, w: -1}
  - {x: 0, y: 0, z: 1, w: -1}
  - {x: 0, y: 0, z: 1, w: -1}
  - {x: 1, y: 0, z: 0, w: -1}
  - {x: 1, y: 0, z: 0, w: -1}
  - {x: 1, y: 0, z: 0, w: -1}
  - {x: 1, y: 0, z: 0, w: -1}
  - {x: 0, y: 0, z: -1, w: -1}
  - {x: 0, y: 0, z: -1, w: -1}
  - {x: 0, y: 0, z: -1, w: -1}
  - {x: 0, y: 0, z: -1, w: -1}
  - {x: 1, y: 0, z: 0, w: -1}
  - {x: 1, y: 0, z: 0, w: -1}
  - {x: 1, y: 0, z: 0, w: -1}
  - {x: 1, y: 0, z: 0, w: -1}
  - {x: -1, y: 0, z: 0, w: -1}
  - {x: -1, y: 0, z: 0, w: -1}
  - {x: -1, y: 0, z: 0, w: -1}
  - {x: -1, y: 0, z: 0, w: -1}
  - {x: -1, y: 0, z: 0, w: -1}
  - {x: -1, y: 0, z: 0, w: -1}
  - {x: -1, y: 0, z: 0, w: -1}
  - {x: -1, y: 0, z: 0, w: -1}
  - {x: 0, y: 0, z: -1, w: -1}
  - {x: 0, y: 0, z: -1, w: -1}
  - {x: 0, y: 0, z: -1, w: -1}
  - {x: 0, y: 0, z: -1, w: -1}
  - {x: 0, y: 0, z: 1, w: -1}
  - {x: 0, y: 0, z: 1, w: -1}
  - {x: 0, y: 0, z: 1, w: -1}
  - {x: 0, y: 0, z: 1, w: -1}
  - {x: 1, y: 0, z: 0, w: -1}
  - {x: 1, y: 0, z: 0, w: -1}
  - {x: 1, y: 0, z: 0, w: -1}
  - {x: 1, y: 0, z: 0, w: -1}
  - {x: -1, y: 0, z: 0, w: -1}
  - {x: -1, y: 0, z: 0, w: -1}
  - {x: -1, y: 0, z: 0, w: -1}
  - {x: -1, y: 0, z: 0, w: -1}
  - {x: -1, y: 0, z: 0, w: -1}
  - {x: -1, y: 0, z: 0, w: -1}
  - {x: -1, y: 0, z: 0, w: -1}
  - {x: -1, y: 0, z: 0, w: -1}
  - {x: 1, y: 0, z: 0, w: -1}
  - {x: 1, y: 0, z: 0, w: -1}
  - {x: 1, y: 0, z: 0, w: -1}
  - {x: 1, y: 0, z: 0, w: -1}
  - {x: 0.98203504, y: 0.18869887, z: 0, w: -1}
  - {x: 0.98203504, y: 0.18869887, z: 0, w: -1}
  - {x: 0.98203504, y: 0.18869887, z: 0, w: -1}
  - {x: 0.98203504, y: 0.18869887, z: 0, w: -1}
  - {x: -1, y: 0, z: 0, w: -1}
  - {x: -1, y: 0, z: 0, w: -1}
  - {x: -1, y: 0, z: 0, w: -1}
  - {x: -1, y: 0, z: 0, w: -1}
  - {x: 0, y: 0, z: 1, w: -1}
  - {x: 0, y: 0, z: 1, w: -1}
  - {x: 0, y: 0, z: 1, w: -1}
  - {x: 0, y: 0, z: 1, w: -1}
  - {x: 0, y: 0, z: -1, w: -1}
  - {x: 0, y: 0, z: -1, w: -1}
  - {x: 0, y: 0, z: -1, w: -1}
  - {x: 0, y: 0, z: -1, w: -1}
  - {x: 1, y: 0, z: 0, w: -1}
  - {x: 1, y: 0, z: 0, w: -1}
  - {x: 1, y: 0, z: 0, w: -1}
  - {x: 1, y: 0, z: 0, w: -1}
  - {x: -1, y: 0, z: 0, w: -1}
  - {x: -1, y: 0, z: 0, w: -1}
  - {x: -1, y: 0, z: 0, w: -1}
  - {x: -1, y: 0, z: 0, w: -1}
  - {x: 1, y: 0, z: 0, w: -1}
  - {x: 1, y: 0, z: 0, w: -1}
  - {x: 1, y: 0, z: 0, w: -1}
  - {x: 1, y: 0, z: 0, w: -1}
  - {x: -1, y: 0, z: 0, w: -1}
  - {x: -1, y: 0, z: 0, w: -1}
  - {x: -1, y: 0, z: 0, w: -1}
  - {x: -1, y: 0, z: 0, w: -1}
  - {x: 0.9630884, y: -0.26918548, z: 0, w: -1}
  - {x: 0.9630884, y: -0.26918548, z: 0, w: -1}
  - {x: 0.9630884, y: -0.26918548, z: 0, w: -1}
  - {x: 0.9630884, y: -0.26918548, z: 0, w: -1}
  m_Colors: []
  m_UnwrapParameters:
    m_HardAngle: 88
    m_PackMargin: 20
    m_AngleError: 8
    m_AreaError: 15
  m_PreserveMeshAssetOnDestroy: 0
  assetGuid: 
  m_Mesh: {fileID: 412935260}
  m_IsSelectable: 1
  m_SelectedFaces: 
  m_SelectedEdges: []
  m_SelectedVertices: 
--- !u!4 &1330085749
Transform:
  m_ObjectHideFlags: 0
  m_CorrespondingSourceObject: {fileID: 0}
  m_PrefabInstance: {fileID: 0}
  m_PrefabAsset: {fileID: 0}
  m_GameObject: {fileID: 1330085744}
  m_LocalRotation: {x: 0, y: 0, z: 0, w: 1}
  m_LocalPosition: {x: 0, y: 0, z: 0}
  m_LocalScale: {x: 1, y: 1, z: 1}
  m_Children: []
  m_Father: {fileID: 0}
  m_RootOrder: 3
  m_LocalEulerAnglesHint: {x: 0, y: 0, z: 0}
--- !u!1 &1475956340
GameObject:
  m_ObjectHideFlags: 0
  m_CorrespondingSourceObject: {fileID: 0}
  m_PrefabInstance: {fileID: 0}
  m_PrefabAsset: {fileID: 0}
  serializedVersion: 6
  m_Component:
  - component: {fileID: 1475956343}
  - component: {fileID: 1475956342}
  - component: {fileID: 1475956341}
  m_Layer: 0
  m_Name: Main Camera
  m_TagString: MainCamera
  m_Icon: {fileID: 0}
  m_NavMeshLayer: 0
  m_StaticEditorFlags: 0
  m_IsActive: 1
--- !u!81 &1475956341
AudioListener:
  m_ObjectHideFlags: 0
  m_CorrespondingSourceObject: {fileID: 0}
  m_PrefabInstance: {fileID: 0}
  m_PrefabAsset: {fileID: 0}
  m_GameObject: {fileID: 1475956340}
  m_Enabled: 1
--- !u!20 &1475956342
Camera:
  m_ObjectHideFlags: 0
  m_CorrespondingSourceObject: {fileID: 0}
  m_PrefabInstance: {fileID: 0}
  m_PrefabAsset: {fileID: 0}
  m_GameObject: {fileID: 1475956340}
  m_Enabled: 1
  serializedVersion: 2
  m_ClearFlags: 1
  m_BackGroundColor: {r: 0.19215687, g: 0.3019608, b: 0.4745098, a: 0}
  m_projectionMatrixMode: 1
  m_GateFitMode: 2
  m_FOVAxisMode: 0
  m_SensorSize: {x: 36, y: 24}
  m_LensShift: {x: 0, y: 0}
  m_FocalLength: 50
  m_NormalizedViewPortRect:
    serializedVersion: 2
    x: 0
    y: 0
    width: 1
    height: 1
  near clip plane: 0.3
  far clip plane: 1000
  field of view: 60
  orthographic: 0
  orthographic size: 5
  m_Depth: -1
  m_CullingMask:
    serializedVersion: 2
    m_Bits: 4294967295
  m_RenderingPath: -1
  m_TargetTexture: {fileID: 0}
  m_TargetDisplay: 0
  m_TargetEye: 3
  m_HDR: 1
  m_AllowMSAA: 1
  m_AllowDynamicResolution: 0
  m_ForceIntoRT: 0
  m_OcclusionCulling: 1
  m_StereoConvergence: 10
  m_StereoSeparation: 0.022
--- !u!4 &1475956343
Transform:
  m_ObjectHideFlags: 0
  m_CorrespondingSourceObject: {fileID: 0}
  m_PrefabInstance: {fileID: 0}
  m_PrefabAsset: {fileID: 0}
  m_GameObject: {fileID: 1475956340}
  m_LocalRotation: {x: 0.109824985, y: 0.8835597, z: -0.36427796, w: 0.273061}
  m_LocalPosition: {x: 2.8447285, y: 10.451492, z: 17.509342}
  m_LocalScale: {x: 1, y: 1, z: 1}
  m_Children: []
  m_Father: {fileID: 0}
  m_RootOrder: 0
  m_LocalEulerAnglesHint: {x: 0, y: 0, z: 0}
--- !u!1 &1543204565
GameObject:
  m_ObjectHideFlags: 0
  m_CorrespondingSourceObject: {fileID: 0}
  m_PrefabInstance: {fileID: 0}
  m_PrefabAsset: {fileID: 0}
  serializedVersion: 6
  m_Component:
  - component: {fileID: 1543204567}
  - component: {fileID: 1543204566}
  m_Layer: 0
  m_Name: Directional Light
  m_TagString: Untagged
  m_Icon: {fileID: 0}
  m_NavMeshLayer: 0
  m_StaticEditorFlags: 0
  m_IsActive: 1
--- !u!108 &1543204566
Light:
  m_ObjectHideFlags: 0
  m_CorrespondingSourceObject: {fileID: 0}
  m_PrefabInstance: {fileID: 0}
  m_PrefabAsset: {fileID: 0}
  m_GameObject: {fileID: 1543204565}
  m_Enabled: 1
  serializedVersion: 10
  m_Type: 1
  m_Shape: 0
  m_Color: {r: 1, g: 0.95686275, b: 0.8392157, a: 1}
  m_Intensity: 0.2
  m_Range: 10
  m_SpotAngle: 30
  m_InnerSpotAngle: 21.80208
  m_CookieSize: 10
  m_Shadows:
    m_Type: 2
    m_Resolution: -1
    m_CustomResolution: -1
    m_Strength: 1
    m_Bias: 0.05
    m_NormalBias: 0.4
    m_NearPlane: 0.2
    m_CullingMatrixOverride:
      e00: 1
      e01: 0
      e02: 0
      e03: 0
      e10: 0
      e11: 1
      e12: 0
      e13: 0
      e20: 0
      e21: 0
      e22: 1
      e23: 0
      e30: 0
      e31: 0
      e32: 0
      e33: 1
    m_UseCullingMatrixOverride: 0
  m_Cookie: {fileID: 0}
  m_DrawHalo: 0
  m_Flare: {fileID: 0}
  m_RenderMode: 0
  m_CullingMask:
    serializedVersion: 2
    m_Bits: 4294967295
  m_RenderingLayerMask: 1
  m_Lightmapping: 1
  m_LightShadowCasterMode: 0
  m_AreaSize: {x: 1, y: 1}
  m_BounceIntensity: 1
  m_ColorTemperature: 6570
  m_UseColorTemperature: 0
  m_BoundingSphereOverride: {x: 0, y: 0, z: 0, w: 0}
  m_UseBoundingSphereOverride: 0
  m_ShadowRadius: 0
  m_ShadowAngle: 0
--- !u!4 &1543204567
Transform:
  m_ObjectHideFlags: 0
  m_CorrespondingSourceObject: {fileID: 0}
  m_PrefabInstance: {fileID: 0}
  m_PrefabAsset: {fileID: 0}
  m_GameObject: {fileID: 1543204565}
  m_LocalRotation: {x: 0.40821788, y: -0.23456968, z: 0.10938163, w: 0.8754261}
  m_LocalPosition: {x: 0, y: 3, z: 0}
  m_LocalScale: {x: 1, y: 1, z: 1}
  m_Children: []
  m_Father: {fileID: 0}
  m_RootOrder: 2
  m_LocalEulerAnglesHint: {x: 50, y: -30, z: 0}
--- !u!1 &1577529413
GameObject:
  m_ObjectHideFlags: 0
  m_CorrespondingSourceObject: {fileID: 0}
  m_PrefabInstance: {fileID: 0}
  m_PrefabAsset: {fileID: 0}
  serializedVersion: 6
  m_Component:
  - component: {fileID: 1577529414}
  - component: {fileID: 1577529417}
  - component: {fileID: 1577529416}
  - component: {fileID: 1577529415}
  m_Layer: 0
  m_Name: TextMesh StateName
  m_TagString: Untagged
  m_Icon: {fileID: 0}
  m_NavMeshLayer: 0
  m_StaticEditorFlags: 0
  m_IsActive: 1
--- !u!4 &1577529414
Transform:
  m_ObjectHideFlags: 0
  m_CorrespondingSourceObject: {fileID: 0}
  m_PrefabInstance: {fileID: 0}
  m_PrefabAsset: {fileID: 0}
  m_GameObject: {fileID: 1577529413}
  m_LocalRotation: {x: 0, y: 0, z: 0, w: 1}
  m_LocalPosition: {x: -0.43, y: 2.55, z: -1.1}
  m_LocalScale: {x: 1, y: 1, z: 1}
  m_Children: []
  m_Father: {fileID: 115957186}
  m_RootOrder: 3
  m_LocalEulerAnglesHint: {x: 0, y: 0, z: 0}
--- !u!114 &1577529415
MonoBehaviour:
  m_ObjectHideFlags: 0
  m_CorrespondingSourceObject: {fileID: 0}
  m_PrefabInstance: {fileID: 0}
  m_PrefabAsset: {fileID: 0}
  m_GameObject: {fileID: 1577529413}
  m_Enabled: 1
  m_EditorHideFlags: 0
  m_Script: {fileID: 11500000, guid: 6392b7b5305325d43a1c7236494807ba, type: 3}
  m_Name: 
  m_EditorClassIdentifier: 
  tmProTransform: {fileID: 0}
--- !u!102 &1577529416
TextMesh:
  serializedVersion: 3
  m_ObjectHideFlags: 0
  m_CorrespondingSourceObject: {fileID: 0}
  m_PrefabInstance: {fileID: 0}
  m_PrefabAsset: {fileID: 0}
  m_GameObject: {fileID: 1577529413}
  m_Text: Hello World
  m_OffsetZ: 0
  m_CharacterSize: 1
  m_LineSpacing: 1
  m_Anchor: 0
  m_Alignment: 1
  m_TabSize: 4
  m_FontSize: 0
  m_FontStyle: 0
  m_RichText: 1
  m_Font: {fileID: 10102, guid: 0000000000000000e000000000000000, type: 0}
  m_Color:
    serializedVersion: 2
    rgba: 4294967295
--- !u!23 &1577529417
MeshRenderer:
  m_ObjectHideFlags: 0
  m_CorrespondingSourceObject: {fileID: 0}
  m_PrefabInstance: {fileID: 0}
  m_PrefabAsset: {fileID: 0}
  m_GameObject: {fileID: 1577529413}
  m_Enabled: 1
  m_CastShadows: 1
  m_ReceiveShadows: 1
  m_DynamicOccludee: 1
  m_MotionVectors: 1
  m_LightProbeUsage: 1
  m_ReflectionProbeUsage: 1
  m_RayTracingMode: 2
  m_RenderingLayerMask: 1
  m_RendererPriority: 0
  m_Materials:
  - {fileID: 10100, guid: 0000000000000000e000000000000000, type: 0}
  m_StaticBatchInfo:
    firstSubMesh: 0
    subMeshCount: 0
  m_StaticBatchRoot: {fileID: 0}
  m_ProbeAnchor: {fileID: 0}
  m_LightProbeVolumeOverride: {fileID: 0}
  m_ScaleInLightmap: 1
  m_ReceiveGI: 1
  m_PreserveUVs: 0
  m_IgnoreNormalsForChartDetection: 0
  m_ImportantGI: 0
  m_StitchLightmapSeams: 1
  m_SelectedEditorRenderState: 3
  m_MinimumChartSize: 4
  m_AutoUVMaxDistance: 0.5
  m_AutoUVMaxAngle: 89
  m_LightmapParameters: {fileID: 0}
  m_SortingLayerID: 0
  m_SortingLayer: 0
  m_SortingOrder: 0
--- !u!1 &1580308454
GameObject:
  m_ObjectHideFlags: 0
  m_CorrespondingSourceObject: {fileID: 0}
  m_PrefabInstance: {fileID: 0}
  m_PrefabAsset: {fileID: 0}
  serializedVersion: 6
  m_Component:
  - component: {fileID: 1580308455}
  m_Layer: 0
  m_Name: wp (4)
  m_TagString: Untagged
  m_Icon: {fileID: 0}
  m_NavMeshLayer: 0
  m_StaticEditorFlags: 0
  m_IsActive: 1
--- !u!4 &1580308455
Transform:
  m_ObjectHideFlags: 0
  m_CorrespondingSourceObject: {fileID: 0}
  m_PrefabInstance: {fileID: 0}
  m_PrefabAsset: {fileID: 0}
  m_GameObject: {fileID: 1580308454}
  m_LocalRotation: {x: 0, y: 0, z: 0, w: 1}
  m_LocalPosition: {x: 17.69, y: 0, z: -7.97}
  m_LocalScale: {x: 1, y: 1, z: 1}
  m_Children: []
  m_Father: {fileID: 1965815771}
  m_RootOrder: 4
  m_LocalEulerAnglesHint: {x: 0, y: 0, z: 0}
--- !u!1 &1694395969
GameObject:
  m_ObjectHideFlags: 0
  m_CorrespondingSourceObject: {fileID: 0}
  m_PrefabInstance: {fileID: 0}
  m_PrefabAsset: {fileID: 0}
  serializedVersion: 6
  m_Component:
  - component: {fileID: 1694395970}
  m_Layer: 0
  m_Name: wp
  m_TagString: Untagged
  m_Icon: {fileID: 0}
  m_NavMeshLayer: 0
  m_StaticEditorFlags: 0
  m_IsActive: 1
--- !u!4 &1694395970
Transform:
  m_ObjectHideFlags: 0
  m_CorrespondingSourceObject: {fileID: 0}
  m_PrefabInstance: {fileID: 0}
  m_PrefabAsset: {fileID: 0}
  m_GameObject: {fileID: 1694395969}
  m_LocalRotation: {x: 0, y: 0, z: 0, w: 1}
  m_LocalPosition: {x: 2.98, y: 0, z: 0}
  m_LocalScale: {x: 1, y: 1, z: 1}
  m_Children: []
  m_Father: {fileID: 1965815771}
  m_RootOrder: 0
  m_LocalEulerAnglesHint: {x: 0, y: 0, z: 0}
--- !u!1 &1783615038
GameObject:
  m_ObjectHideFlags: 0
  m_CorrespondingSourceObject: {fileID: 0}
  m_PrefabInstance: {fileID: 0}
  m_PrefabAsset: {fileID: 0}
  serializedVersion: 6
  m_Component:
  - component: {fileID: 1783615039}
  m_Layer: 0
  m_Name: wp (1)
  m_TagString: Untagged
  m_Icon: {fileID: 0}
  m_NavMeshLayer: 0
  m_StaticEditorFlags: 0
  m_IsActive: 1
--- !u!4 &1783615039
Transform:
  m_ObjectHideFlags: 0
  m_CorrespondingSourceObject: {fileID: 0}
  m_PrefabInstance: {fileID: 0}
  m_PrefabAsset: {fileID: 0}
  m_GameObject: {fileID: 1783615038}
  m_LocalRotation: {x: 0, y: 0, z: 0, w: 1}
  m_LocalPosition: {x: 2.33, y: 0, z: 10.37}
  m_LocalScale: {x: 1, y: 1, z: 1}
  m_Children: []
  m_Father: {fileID: 1965815771}
  m_RootOrder: 1
  m_LocalEulerAnglesHint: {x: 0, y: 0, z: 0}
--- !u!1001 &1872637935
PrefabInstance:
  m_ObjectHideFlags: 0
  serializedVersion: 2
  m_Modification:
    m_TransformParent: {fileID: 0}
    m_Modifications:
    - target: {fileID: 121725748198731473, guid: 1a9348dd914f6534a8b359c1bd655bc8,
        type: 3}
      propertyPath: m_Name
      value: User MouseClick Ch32_nonPBR
      objectReference: {fileID: 0}
    - target: {fileID: 791406757939721323, guid: 1a9348dd914f6534a8b359c1bd655bc8,
        type: 3}
      propertyPath: m_LocalPosition.x
      value: 1.4117867
      objectReference: {fileID: 0}
    - target: {fileID: 791406757939721323, guid: 1a9348dd914f6534a8b359c1bd655bc8,
        type: 3}
      propertyPath: m_LocalPosition.y
      value: 1
      objectReference: {fileID: 0}
    - target: {fileID: 791406757939721323, guid: 1a9348dd914f6534a8b359c1bd655bc8,
        type: 3}
      propertyPath: m_LocalPosition.z
      value: 11.170329
      objectReference: {fileID: 0}
    - target: {fileID: 791406757939721323, guid: 1a9348dd914f6534a8b359c1bd655bc8,
        type: 3}
      propertyPath: m_LocalRotation.x
      value: 0
      objectReference: {fileID: 0}
    - target: {fileID: 791406757939721323, guid: 1a9348dd914f6534a8b359c1bd655bc8,
        type: 3}
      propertyPath: m_LocalRotation.y
      value: 0
      objectReference: {fileID: 0}
    - target: {fileID: 791406757939721323, guid: 1a9348dd914f6534a8b359c1bd655bc8,
        type: 3}
      propertyPath: m_LocalRotation.z
      value: 0
      objectReference: {fileID: 0}
    - target: {fileID: 791406757939721323, guid: 1a9348dd914f6534a8b359c1bd655bc8,
        type: 3}
      propertyPath: m_LocalRotation.w
      value: 1
      objectReference: {fileID: 0}
    - target: {fileID: 791406757939721323, guid: 1a9348dd914f6534a8b359c1bd655bc8,
        type: 3}
      propertyPath: m_RootOrder
      value: 1
      objectReference: {fileID: 0}
    - target: {fileID: 791406757939721323, guid: 1a9348dd914f6534a8b359c1bd655bc8,
        type: 3}
      propertyPath: m_LocalEulerAnglesHint.x
      value: 0
      objectReference: {fileID: 0}
    - target: {fileID: 791406757939721323, guid: 1a9348dd914f6534a8b359c1bd655bc8,
        type: 3}
      propertyPath: m_LocalEulerAnglesHint.y
      value: 0
      objectReference: {fileID: 0}
    - target: {fileID: 791406757939721323, guid: 1a9348dd914f6534a8b359c1bd655bc8,
        type: 3}
      propertyPath: m_LocalEulerAnglesHint.z
      value: 0
      objectReference: {fileID: 0}
    - target: {fileID: 968587545533895557, guid: 1a9348dd914f6534a8b359c1bd655bc8,
        type: 3}
      propertyPath: m_Speed
      value: 1
      objectReference: {fileID: 0}
    - target: {fileID: 968587545533895559, guid: 1a9348dd914f6534a8b359c1bd655bc8,
        type: 3}
      propertyPath: m_IsTrigger
      value: 0
      objectReference: {fileID: 0}
    m_RemovedComponents: []
  m_SourcePrefab: {fileID: 100100000, guid: 1a9348dd914f6534a8b359c1bd655bc8, type: 3}
--- !u!1 &1965815770
GameObject:
  m_ObjectHideFlags: 0
  m_CorrespondingSourceObject: {fileID: 0}
  m_PrefabInstance: {fileID: 0}
  m_PrefabAsset: {fileID: 0}
  serializedVersion: 6
  m_Component:
  - component: {fileID: 1965815771}
  m_Layer: 0
  m_Name: Waypoints
  m_TagString: Untagged
  m_Icon: {fileID: 0}
  m_NavMeshLayer: 0
  m_StaticEditorFlags: 0
  m_IsActive: 1
--- !u!4 &1965815771
Transform:
  m_ObjectHideFlags: 0
  m_CorrespondingSourceObject: {fileID: 0}
  m_PrefabInstance: {fileID: 0}
  m_PrefabAsset: {fileID: 0}
  m_GameObject: {fileID: 1965815770}
  m_LocalRotation: {x: -0, y: -0, z: -0, w: 1}
  m_LocalPosition: {x: 0, y: 0, z: 0}
  m_LocalScale: {x: 1, y: 1, z: 1}
  m_Children:
  - {fileID: 1694395970}
  - {fileID: 1783615039}
  - {fileID: 1152866859}
  - {fileID: 135385560}
  - {fileID: 1580308455}
  m_Father: {fileID: 0}
  m_RootOrder: 4
  m_LocalEulerAnglesHint: {x: 0, y: 0, z: 0}
